%
%  An example of a bibliographical database in BibTeX format,
%  which is used by biblatex to create the list of referenced works.
%
%  Academic search engines and software for maintenance of bibliography
%  often supports exporting records in BibTeX format. We recommend:
%
%    - Google Scholar (https://scholar.google.com/)
%    - JabRef (https://www.jabref.org/)
%    - zoterobib (https://zbib.org/)
%
%  BEWARE:
%
%    *  If a name contains a capital letter, which must be kept such,
%       use curly brackets ({T}hailand, {HIV}).
%
%  ===========================================================================

@inproceedings{long2010understanding,
  title={Understanding the success of perfect information monte carlo sampling in game tree search},
  author={Long, Jeffrey and Sturtevant, Nathan and Buro, Michael and Furtak, Timothy},
  booktitle={Proceedings of the AAAI Conference on Artificial Intelligence},
  volume={24},
  number={1},
  pages={134--140},
  year={2010}
}

@misc{Sagradarulesbook,
  author    = {{FloodGate Games}},
  title     = {Sagrada rule book},
  year      = {2017},
  url       = {https://media.floodgate.games/rule-books/Sagrada-Rule-Book.pdf}
}


@online{gtkmm,
  title     = {gtkmm},
  url       = {https://www.gtkmm.org/en/index.html}
}

@online{nlohmann_json,
  title     = {nlohmann-json},
  url       = {https://github.com/nlohmann/json}
}

@online{argparse,
  title     = {argparse},
  url       = {https://github.com/p-ranav/argparse}
}

@misc{googletest,
  author = "{Google Inc.}",
  title = "GoogleTest",
  howpublished = "\url{https://github.com/google/googletest}"
}

@article{norvig2002modern,
  title={A modern approach},
  author={Norvig, P Russel and Intelligence, S Artificial},
  journal={Prentice Hall Upper Saddle River, NJ, USA: Rani, M., Nayak, R., \& Vyas, OP (2015). An ontology-based adaptive personalized e-learning system, assisted by software agents on cloud storage. Knowledge-Based Systems},
  volume={90},
  pages={174-175},
  year={2002}
}

@misc{ enwiki:1217764079,
  author = "{Wikipedia contributors}",
  title = "Minimax --- {Wikipedia}{,} The Free Encyclopedia",
  year = "2024",
  url = "https://en.wikipedia.org/w/index.php?title=Minimax&oldid=1217764079",
  note = "[Online; accessed 28-April-2024]"
}

@misc{ enwiki:1198585667,
    author = "{Wikipedia contributors}",
    title = "Alphaâ€“beta pruning --- {Wikipedia}{,} The Free Encyclopedia",
    year = "2024",
    url = "https://en.wikipedia.org/w/index.php?title=Alpha%E2%80%93beta_pruning&oldid=1198585667",
    note = "[Online; accessed 28-April-2024]"
  }

  @incollection{winands2017monte,
  title={Monte-Carlo tree search in board games},
  author={Winands, Mark HM},
  booktitle={Handbook of Digital Games and Entertainment Technologies},
  pages={47--76},
  year={2017},
  publisher={Springer}
}